<marc:record>
        <marc:leader>03058cam a2200529 a 4500</marc:leader>
        <marc:controlfield tag="001">429890</marc:controlfield>
        <marc:controlfield tag="005">20130621102954.0</marc:controlfield>
        <marc:controlfield tag="008">861120s1791    enk           00000 eng d</marc:controlfield>
        <marc:datafield ind1=" " ind2=" " tag="035">
            <marc:subfield code="a">(MediadbVoyBIBID)429890</marc:subfield></marc:datafield>
        <marc:datafield ind1=" " ind2=" " tag="035">
            <marc:subfield code="a">(END)pr_3991_a1_m65_1791</marc:subfield>
        </marc:datafield>
        <marc:datafield ind1=" " ind2=" " tag="035">
            <marc:subfield code="a">(CStRLIN)PAUG86-B49003</marc:subfield>
        </marc:datafield>
        <marc:datafield ind1=" " ind2=" " tag="035">
            <marc:subfield code="a">(CaOTULAS)185124815</marc:subfield>
        </marc:datafield>
        <marc:datafield ind1=" " ind2=" " tag="035">
            <marc:subfield code="9">AAK8902</marc:subfield>
        </marc:datafield>
        <marc:datafield ind1=" " ind2=" " tag="035">
            <marc:subfield code="a">87326</marc:subfield>
        </marc:datafield>
        <marc:datafield ind1=" " ind2=" " tag="040">
            <marc:subfield code="a">PU</marc:subfield>
            <marc:subfield code="c">PU</marc:subfield>
        </marc:datafield>
        <marc:datafield ind1=" " ind2=" " tag="090">
            <marc:subfield code="a">PR3991.A1</marc:subfield>
            <marc:subfield code="b">M65 1791</marc:subfield>
            <marc:subfield code="i">11/20/86 CT</marc:subfield>
        </marc:datafield>
        <marc:datafield ind1="0" ind2="0" tag="245">
            <marc:subfield code="a">Monimia :</marc:subfield>
            <marc:subfield code="b">a novel, in two volumes.</marc:subfield>
        </marc:datafield>
        <marc:datafield ind1=" " ind2=" " tag="246">
            <marc:subfield code="a">Monimia.  A novel.  In two volumes.  Vol. I.</marc:subfield>
            <marc:subfield code="d">Letter-Press</marc:subfield>
            <marc:subfield code="g">Half</marc:subfield>
            <marc:subfield code="x">Volume</marc:subfield>
            <marc:subfield code="v">v.1</marc:subfield>
        </marc:datafield>
        <marc:datafield ind1=" " ind2=" " tag="246">
            <marc:subfield code="a">Monimia.  A novel.  In two volumes.  Vol. I.</marc:subfield>
            <marc:subfield code="d">Letter-Press</marc:subfield>
            <marc:subfield code="g">Full</marc:subfield>
            <marc:subfield code="x">Volume</marc:subfield>
            <marc:subfield code="v">v.1</marc:subfield>
        </marc:datafield>
        <marc:datafield ind1=" " ind2=" " tag="246">
            <marc:subfield code="a">Monimia.  A novel.  In two volumes.  Vol. II.</marc:subfield>
            <marc:subfield code="d">Letter-Press</marc:subfield>
            <marc:subfield code="g">Full</marc:subfield>
            <marc:subfield code="x">Volume</marc:subfield>
            <marc:subfield code="v">v.2</marc:subfield>
        </marc:datafield>
        <marc:datafield ind1=" " ind2=" " tag="246">
            <marc:subfield code="a">Monimia.  A novel.  In two volumes.  Vol. II.</marc:subfield>
            <marc:subfield code="d">Letter-Press</marc:subfield>
            <marc:subfield code="g">Half</marc:subfield>
            <marc:subfield code="x">Volume</marc:subfield>
            <marc:subfield code="v">v.2</marc:subfield>
        </marc:datafield>
        <marc:datafield ind1="0" ind2="7" tag="246">
            <marc:subfield code="a">Monimia.</marc:subfield>
            <marc:subfield code="v">v.1</marc:subfield>
            <marc:subfield code="v">v.2</marc:subfield>
        </marc:datafield>
        <marc:datafield ind1="0" ind2="7" tag="246">
            <marc:subfield code="a">Monimia. (verso)</marc:subfield>
            <marc:subfield code="a">Monimia. (recto)</marc:subfield>
            <marc:subfield code="v">v.1</marc:subfield>
            <marc:subfield code="v">v.2</marc:subfield>
        </marc:datafield>
        <marc:datafield ind1=" " ind2=" " tag="260">
            <marc:subfield code="a">London</marc:subfield>
            <marc:subfield code="b">Printed for W. Lane, at the Minerva, Leadenhall-Street.</marc:subfield>
            <marc:subfield code="c">M.DCC.XCI.</marc:subfield>
        </marc:datafield>
        <marc:datafield ind1=" " ind2=" " tag="300">
            <marc:subfield code="a">2 v. ;</marc:subfield>
            <marc:subfield code="c">20 cm.</marc:subfield>
            <marc:subfield code="x">Duodecimo</marc:subfield>
            <marc:subfield code="z">In two volumes.</marc:subfield>
            <marc:subfield code="a">[2 v.]</marc:subfield>
        </marc:datafield>
        <marc:datafield ind1=" " ind2=" " tag="300">
            <marc:subfield code="a">[1]-195</marc:subfield>
            <marc:subfield code="v">v.1</marc:subfield>
        </marc:datafield>
        <marc:datafield ind1=" " ind2=" " tag="300">
            <marc:subfield code="a">[1]-[256]</marc:subfield>
            <marc:subfield code="v">v.2</marc:subfield>
        </marc:datafield>
        <marc:datafield ind1=" " ind2=" " tag="500">
            <marc:subfield code="a">An epistolary novel.</marc:subfield>
        </marc:datafield>
        <marc:datafield ind1="4" ind2=" " tag="510">
            <marc:subfield code="a">ESTC (RLIN)</marc:subfield>
            <marc:subfield code="c">N5323</marc:subfield>
        </marc:datafield>
        <marc:datafield ind1="4" ind2=" " tag="510">
            <marc:subfield code="a">English novel, 1770-1829,</marc:subfield>
            <marc:subfield code="c">1791:21</marc:subfield>
        </marc:datafield>
        <marc:datafield ind1="4" ind2=" " tag="510">
            <marc:subfield code="a">Block, A.  Engl. novel (1961 ed.),</marc:subfield>
            <marc:subfield code="c">p.164</marc:subfield>
        </marc:datafield>
        <marc:datafield ind1="4" ind2=" " tag="510">
            <marc:subfield code="a">Blakey, D. Minerva Press</marc:subfield>
            <marc:subfield code="c">p. 155</marc:subfield>
        </marc:datafield>
        <marc:datafield ind1=" " ind2=" " tag="520">
            <marc:subfield code="a">Advertisement</marc:subfield>
            <marc:subfield code="b">New publications, with the opinions of the reviewers.</marc:subfield>
            <marc:subfield code="c">Back</marc:subfield>
            <marc:subfield code="v">v.2</marc:subfield>
        </marc:datafield>
        <marc:datafield ind1=" " ind2=" " tag="591">
            <marc:subfield code="a">&quot;Be careful of Monimia; watch her youth;---let not her wants betray her to dishonor;---perhaps kind heaven may raise a friend.&quot;</marc:subfield>
            <marc:subfield code="2">Otway</marc:subfield>
            <marc:subfield code="b">The orphan, or, the unhappy marriage.  A tragedy, in five acts.</marc:subfield>
            <marc:subfield code="c">Thomas Otway</marc:subfield>
            <marc:subfield code="v">v.1</marc:subfield>
            <marc:subfield code="v">v.2</marc:subfield>
            <marc:subfield code="x">Epigraph appears on the full title pages of volumes I and II.</marc:subfield>
        </marc:datafield>
        <marc:datafield ind1=" " ind2=" " tag="592">
            <marc:subfield code="a">Epistolary</marc:subfield>
        </marc:datafield>
        <marc:datafield ind1=" " ind2=" " tag="595">
            <marc:subfield code="a">Pencil</marc:subfield>
            <marc:subfield code="b">Words</marc:subfield>
            <marc:subfield code="v">v.1</marc:subfield>
            <marc:subfield code="v">v.2</marc:subfield>
            <marc:subfield code="x">Markings appear on the recto of the half title page for vol. 1, and on the recto and verso of the half title for vol. 2.  These appear to be notes about the text of Monimia.  One says, &quot;p. 40 - These are all threads of the story joined.&quot;  Page numbers are followed by notes, and each remark is separated from the one that follows by a horizontal line across the width of the page.</marc:subfield>
        </marc:datafield>
        <marc:datafield ind1=" " ind2="4" tag="650">
            <marc:subfield code="a">CHR 1791</marc:subfield>
        </marc:datafield>
        <marc:datafield ind1=" " ind2="7" tag="655">
            <marc:subfield code="a">Epistolary fiction</marc:subfield>
            <marc:subfield code="z">England</marc:subfield>
            <marc:subfield code="y">18th century.</marc:subfield>
            <marc:subfield code="2">rbgenr</marc:subfield>
        </marc:datafield>
        <marc:datafield ind1=" " ind2=" " tag="656">
            <marc:subfield code="a">Fiction</marc:subfield>
            <marc:subfield code="b">Back</marc:subfield>
            <marc:subfield code="c">Same genre</marc:subfield>
            <marc:subfield code="v">v.2</marc:subfield>
            <marc:subfield code="x">Four advertisements found at the back of volume II.  The books listed therein are &quot;Eloisa de Clairville&quot; &quot;Lidora, a tale of chivalry,&quot; &quot;St. Alma,&quot; and &quot;Charlotte, or a tale of truth.&quot;</marc:subfield>
        </marc:datafield>
        <marc:datafield ind1=" " ind2=" " tag="700">
            <marc:subfield code="a">Lane, William</marc:subfield>
            <marc:subfield code="d">-1814</marc:subfield>
            <marc:subfield code="4">Printed for</marc:subfield>
            <marc:subfield code="5">Authorized</marc:subfield>
        </marc:datafield>
        <marc:datafield ind1=" " ind2=" " tag="700">
            <marc:subfield code="a">Otway, Thomas</marc:subfield>
            <marc:subfield code="d">1652-1685</marc:subfield>
            <marc:subfield code="4">Author (epigraph)</marc:subfield>
            <marc:subfield code="5">Authorized</marc:subfield>
        </marc:datafield>
        <marc:datafield ind1="2" ind2=" " tag="710">
            <marc:subfield code="a">Collection of British and American Fiction, 1660-1830 (University of Pennsylvania)</marc:subfield>
        </marc:datafield>
        <marc:datafield ind1="2" ind2=" " tag="710">
            <marc:subfield code="a">Early Novels</marc:subfield>
            <marc:subfield code="5">University of Pennsylvania</marc:subfield>
        </marc:datafield>
        <marc:datafield ind1=" " ind2=" " tag="950">
            <marc:subfield code="l">RBC</marc:subfield>
            <marc:subfield code="e">\\\\Singer-\\Menden-\\hall\\</marc:subfield>
            <marc:subfield code="v">2 v.</marc:subfield>
            <marc:subfield code="i">11/20/86 C</marc:subfield>
        </marc:datafield>
        <marc:datafield ind1=" " ind2=" " tag="955">
            <marc:subfield code="l">RBC</marc:subfield>
            <marc:subfield code="c">1:(v.1-2)</marc:subfield>
            <marc:subfield code="q">725467-68</marc:subfield>
            <marc:subfield code="s">Singer Mem.</marc:subfield>
            <marc:subfield code="i">11/20/86 C</marc:subfield>
        </marc:datafield>
        <marc:datafield ind1=" " ind2=" " tag="989">
            <marc:subfield code="5">Monimia</marc:subfield>
            <marc:subfield code="2">novel</marc:subfield>
            <marc:subfield code="3">two</marc:subfield>
            <marc:subfield code="2">volume</marc:subfield>
        </marc:datafield>
        <marc:datafield ind1=" " ind2=" " tag="999">
            <marc:subfield code="a">JRH</marc:subfield>
            <marc:subfield code="b">6/13/13</marc:subfield>
            <marc:subfield code="c">Swarthmore College</marc:subfield>
            <marc:subfield code="d">ALV</marc:subfield>
        </marc:datafield>
    </marc:record>